<record><leader>00000cas a22000007a 4500</leader><controlfield tag="001">1553483</controlfield><controlfield tag="008">750817d19261976mnuwr ne      0    0eng d</controlfield><datafield ind1=" " ind2=" " tag="010"><subfield code="a">sn 89064611 </subfield></datafield><datafield ind1=" " ind2=" " tag="040"><subfield code="a">MUL</subfield><subfield code="b">eng</subfield><subfield code="c">MUL</subfield><subfield code="d">OCL</subfield><subfield code="d">MN#</subfield><subfield code="d">OCLCQ</subfield><subfield code="d">DLC</subfield><subfield code="d">OCLCF</subfield><subfield code="d">OCLCO</subfield></datafield><datafield ind1=" " ind2=" " tag="042"><subfield code="a">msc</subfield></datafield><datafield ind1=" " ind2=" " tag="043"><subfield code="a">n-us-mn</subfield></datafield><datafield ind1=" " ind2=" " tag="052"><subfield code="a">4144</subfield><subfield code="b">H13</subfield></datafield><datafield ind1=" " ind2=" " tag="052"><subfield code="a">4143</subfield><subfield code="b">C3</subfield></datafield><datafield ind1="0" ind2="0" tag="245"><subfield code="a">Cass County independent.</subfield></datafield><datafield ind1=" " ind2=" " tag="260"><subfield code="a">Hackensack, Minn. :</subfield><subfield code="b">Hackensack Pub. Co.,</subfield><subfield code="c">-1976.</subfield></datafield><datafield ind1=" " ind2=" " tag="300"><subfield code="a">v.</subfield></datafield><datafield ind1=" " ind2=" " tag="310"><subfield code="a">Weekly</subfield></datafield><datafield ind1="1" ind2=" " tag="362"><subfield code="a">Began Apr. 16, 1926.</subfield></datafield><datafield ind1="0" ind2=" " tag="362"><subfield code="a">-v. 50, no. 4 (May 13, 1976).</subfield></datafield><datafield ind1=" " ind2=" " tag="500"><subfield code="a">Published at Hackensack, Minn., &lt;Apr. 16, 1926&gt;-Dec. 31, 1943; published at Walker, Minn., Jan. 7, 1944-May 13, 1976.</subfield></datafield><datafield ind1=" " ind2=" " tag="530"><subfield code="a">Available on microfilm from the Minnesota Historical Society.</subfield></datafield><datafield ind1=" " ind2=" " tag="588"><subfield code="a">Description based on: Vol. 1, no. 2 (Apr. 23, 1926).</subfield></datafield><datafield ind1=" " ind2="0" tag="651"><subfield code="a">Hackensack (Minn.)</subfield><subfield code="v">Newspapers.</subfield></datafield><datafield ind1=" " ind2="0" tag="651"><subfield code="a">Walker (Minn.)</subfield><subfield code="v">Newspapers.</subfield></datafield><datafield ind1=" " ind2="7" tag="655"><subfield code="a">Newspapers.</subfield><subfield code="2">fast</subfield><subfield code="0">(OCoLC)fst01423814</subfield></datafield><datafield ind1=" " ind2="7" tag="651"><subfield code="a">Minnesota</subfield><subfield code="z">Hackensack.</subfield><subfield code="2">fast</subfield><subfield code="0">(OCoLC)fst01205818</subfield></datafield><datafield ind1=" " ind2="7" tag="651"><subfield code="a">Minnesota</subfield><subfield code="z">Walker.</subfield><subfield code="2">fast</subfield><subfield code="0">(OCoLC)fst01253884</subfield></datafield><datafield ind1=" " ind2=" " tag="752"><subfield code="a">United States</subfield><subfield code="b">Minnesota</subfield><subfield code="c">Cass</subfield><subfield code="d">Hackensack.</subfield></datafield><datafield ind1=" " ind2=" " tag="752"><subfield code="a">United States</subfield><subfield code="b">Minnesota</subfield><subfield code="c">Cass</subfield><subfield code="d">Walker.</subfield></datafield><datafield ind1="0" ind2="4" tag="780"><subfield code="t">Backus tribune</subfield></datafield><datafield ind1="0" ind2="4" tag="780"><subfield code="t">Independent (Hackensack, Minn.)</subfield><subfield code="w">(DLC)sn 89064610</subfield></datafield><datafield ind1="0" ind2="7" tag="785"><subfield code="t">Walker pilot</subfield><subfield code="w">(DLC)sn 89064624</subfield></datafield><datafield ind1="0" ind2="7" tag="785"><subfield code="t">Pilot-independent</subfield><subfield code="x">2333-3057</subfield><subfield code="w">(DLC)sn 89064625</subfield><subfield code="w">(OCoLC)20770189</subfield></datafield></record>